@misc{oha,
  author       = {hatoo},
  howpublished = {\url{https://github.com/hatoo/oha}},
  title        = {oha},
  year         = {2020}
}

@misc{State_of_js:2021,
  author       = {Sacha Greif and Eric Burel},
  title        = {State of JS 2021 - runtimes},
  year         = {2021},
  howpublished = {\url{https://2021.stateofjs.com/en-US/other-tools/#runtimes}},
  url          = {https://2021.stateofjs.com/en-US/other-tools/#runtimes}
}

@misc{State_of_js:2022,
  author       = {Sacha Greif and Eric Burel},
  title        = {State of JS 2022 - runtimes},
  year         = {2022},
  howpublished = {\url{https://2022.stateofjs.com/en-US/other-tools/#runtimes}},
  url          = {https://2022.stateofjs.com/en-US/other-tools/#runtimes}
}
